<record><leader>00000cas a22000007a 4500</leader><controlfield tag="001">11174427</controlfield><controlfield tag="008">840919d19151925couwr ne      0    0eng d</controlfield><datafield ind1=" " ind2=" " tag="010"><subfield code="a">sn 91052360 </subfield></datafield><datafield ind1=" " ind2=" " tag="040"><subfield code="a">DPL</subfield><subfield code="b">eng</subfield><subfield code="c">DPL</subfield><subfield code="d">CNQ</subfield><subfield code="d">YOX</subfield><subfield code="d">OCLCQ</subfield><subfield code="d">OCLCF</subfield><subfield code="d">OCLCO</subfield></datafield><datafield ind1="1" ind2=" " tag="029"><subfield code="a">AU@</subfield><subfield code="b">000020660000</subfield></datafield><datafield ind1=" " ind2=" " tag="042"><subfield code="a">msc</subfield></datafield><datafield ind1="0" ind2="4" tag="245"><subfield code="a">The Denver Jewish news.</subfield></datafield><datafield ind1=" " ind2=" " tag="260"><subfield code="a">Denver, Colo. :</subfield><subfield code="b">Central Jewish Council of Denver</subfield></datafield><datafield ind1=" " ind2=" " tag="300"><subfield code="a">v.</subfield></datafield><datafield ind1=" " ind2=" " tag="310"><subfield code="a">Weekly</subfield></datafield><datafield ind1="0" ind2=" " tag="362"><subfield code="a">Vol. 1, no. 1 (Feb. 20, 1915)-v. 11, no. 41 (Oct. 8, 1925).</subfield></datafield><datafield ind1=" " ind2=" " tag="530"><subfield code="a">Available on microfilm from the Colorado Historical Society.</subfield></datafield><datafield ind1=" " ind2="0" tag="650"><subfield code="a">Jewish newspapers</subfield><subfield code="z">Colorado</subfield><subfield code="z">Denver.</subfield></datafield><datafield ind1=" " ind2="4" tag="651"><subfield code="a">Denver (Colo.)</subfield><subfield code="v">Newspapers.</subfield></datafield><datafield ind1=" " ind2="7" tag="650"><subfield code="a">Jewish newspapers.</subfield><subfield code="2">fast</subfield><subfield code="0">(OCoLC)fst00982872</subfield></datafield><datafield ind1=" " ind2="7" tag="651"><subfield code="a">Colorado</subfield><subfield code="z">Denver.</subfield><subfield code="2">fast</subfield><subfield code="0">(OCoLC)fst01205192</subfield></datafield><datafield ind1="2" ind2=" " tag="710"><subfield code="a">Central Jewish Council of Denver.</subfield></datafield><datafield ind1=" " ind2=" " tag="752"><subfield code="a">United States</subfield><subfield code="b">Colorado</subfield><subfield code="c">Denver</subfield><subfield code="d">Denver.</subfield></datafield><datafield ind1="0" ind2="0" tag="785"><subfield code="t">Intermountain Jewish news</subfield><subfield code="w">(DLC)sn 78004151</subfield></datafield></record>